<?xml version="1.0" encoding="UTF-8"?><collection xmlns="http://www.loc.gov/MARC21/slim"><record><leader>00523nam--2200133-i-4500</leader><controlfield tag="001">000026019</controlfield><controlfield tag="002">20161230</controlfield><controlfield tag="005">20161230201036</controlfield><controlfield tag="008">060222s1000------------r-----000-0-eng-d</controlfield><datafield ind1=" " ind2=" " tag="080"><subfield code="a">548(043):535.37(043)</subfield></datafield><datafield ind1=" " ind2=" " tag="100"><subfield code="a">Kane, Mamadou Mansour</subfield></datafield><datafield ind1=" " ind2=" " tag="245"><subfield code="a">Realisation d`un dispositif de mesure des intensites de thermoluminescence d`echantillons monocristallins. applications a l`etude des proprietes optiques de monocristaux d`oxide de calcium. these</subfield></datafield><datafield ind1=" " ind2=" " tag="260"><subfield code="a">Lyon, Universite Claude-bernard-lyon, 1972, 110p</subfield></datafield><datafield ind1=" " ind2=" " tag="852"><subfield code="a">40433</subfield></datafield></record></collection>